%YAML 1.1
%TAG !u! tag:unity3d.com,2011:
--- !u!1 &124326
GameObject:
  m_ObjectHideFlags: 0
  m_PrefabParentObject: {fileID: 0}
  m_PrefabInternal: {fileID: 100100000}
  serializedVersion: 5
  m_Component:
  - component: {fileID: 458674}
  - component: {fileID: 11456902}
  - component: {fileID: 2057576}
  - component: {fileID: 12449892}
  - component: {fileID: 9205074}
  - component: {fileID: 8195018}
  m_Layer: 0
  m_Name: WikitudeCamera
  m_TagString: MainCamera
  m_Icon: {fileID: 0}
  m_NavMeshLayer: 0
  m_StaticEditorFlags: 0
  m_IsActive: 1
--- !u!4 &458674
Transform:
  m_ObjectHideFlags: 1
  m_PrefabParentObject: {fileID: 0}
  m_PrefabInternal: {fileID: 100100000}
  m_GameObject: {fileID: 124326}
  m_LocalRotation: {x: 0, y: 0, z: 0, w: 1}
  m_LocalPosition: {x: 0, y: 0.5, z: -2.34}
  m_LocalScale: {x: 1, y: 1, z: 1}
  m_Children: []
  m_Father: {fileID: 0}
  m_RootOrder: 0
  m_LocalEulerAnglesHint: {x: 0, y: 0, z: 0}
--- !u!20 &2057576
Camera:
  m_ObjectHideFlags: 1
  m_PrefabParentObject: {fileID: 0}
  m_PrefabInternal: {fileID: 100100000}
  m_GameObject: {fileID: 124326}
  m_Enabled: 1
  serializedVersion: 2
  m_ClearFlags: 3
  m_BackGroundColor: {r: 0.19215687, g: 0.3019608, b: 0.4745098, a: 0.019607844}
  m_NormalizedViewPortRect:
    serializedVersion: 2
    x: 0
    y: 0
    width: 1
    height: 1
  near clip plane: 0.05
  far clip plane: 5000
  field of view: 34.2562
  orthographic: 0
  orthographic size: 5
  m_Depth: -1
  m_CullingMask:
    serializedVersion: 2
    m_Bits: 4294966271
  m_RenderingPath: -1
  m_TargetTexture: {fileID: 0}
  m_TargetDisplay: 0
  m_TargetEye: 3
  m_HDR: 0
  m_AllowMSAA: 1
  m_AllowDynamicResolution: 0
  m_ForceIntoRT: 0
  m_OcclusionCulling: 1
  m_StereoConvergence: 10
  m_StereoSeparation: 0.022
--- !u!81 &8195018
AudioListener:
  m_ObjectHideFlags: 1
  m_PrefabParentObject: {fileID: 0}
  m_PrefabInternal: {fileID: 100100000}
  m_GameObject: {fileID: 124326}
  m_Enabled: 1
--- !u!92 &9205074
Behaviour:
  m_ObjectHideFlags: 1
  m_PrefabParentObject: {fileID: 0}
  m_PrefabInternal: {fileID: 100100000}
  m_GameObject: {fileID: 124326}
  m_Enabled: 1
--- !u!114 &11456902
MonoBehaviour:
  m_ObjectHideFlags: 1
  m_PrefabParentObject: {fileID: 0}
  m_PrefabInternal: {fileID: 100100000}
  m_GameObject: {fileID: 124326}
  m_Enabled: 1
  m_EditorHideFlags: 0
  m_Script: {fileID: -37933721, guid: 74f59eb22abf947599d3aecf24b954b2, type: 3}
  m_Name: 
  m_EditorClassIdentifier: 
  _WikitudeLicenseKey: 4n9I4o81YM7P+Z287arSyQvvmMS2QCQeN0JXqm/ejYwolYmo3X2qt1N6HWGXyb1iLcXdqizy7AcGVWxqycENYlJAKfYeL8NRF9UxI1GeibGnO2isSsUPt7V13Z95x54xXBnwR/B+t1lDW8OqVSLGBTnsf3Y66d9QRqCTNG/9b89TYWx0ZWRfX0UiHpfWVHhjPJwJri9cZetPWj6wPskLeV5/rPOcJzLmE6nKHwYiSaCJqLhMUqEXw2q7x2lwd2C9AjWR37lPgYlxOn8uEp3JAwhvYxZTFudL/NFvgyGgRy8ipZniImJMZT31+0TFlmdsQ/7bzWoVfOP7t1uUIl5HeKpGbJu9oILirapcnvJKhwG1AHWmj2TXe93+Ru+Hc3o/CWcmC9/6th4rCZpfydNmw3eoQ3vCCcCakqCpvh99DszhIaHOJu0omyZ/p7RLqjx8xkqSZlR6m2RW4TEpGfQb2Kuhz+a3UnIW85t6PFzIhySfTNss96mjtvNYTohaE+yjfyteZK+G6gMI7sIuamS/hA//b/TGD/bfsvWql9C0ub2cP1gVg1Q+ohQuxIeMFKOO8sjApJql3N5+CKsMXPicIoWmQp2igZjLZ4KT95RB2BxdOZLcBVtI/DtQGl5o/gizof58rsIOoq+FbCOsU8HG3wNYxUl+mIC7x53coUEhzq4=
  _desiredDeviceResolution: 0
  _desiredDeviceFramerate: 0
  _enableCamera2: 1
  _enableInputPlugin: 1
  _enableMirroring: 0
  _invertedFrame: 1
  _mirroredFrame: 0
  _inputFrameColorSpace: 2
  _horizontalAngle: 50
  _inputFrameWidth: 640
  _inputFrameHeight: 480
  _requestInputFrameRendering: 1
  OnInputPluginRegistered:
    m_PersistentCalls:
      m_Calls: []
    m_TypeName: UnityEngine.Events.UnityEvent, UnityEngine.CoreModule, Version=0.0.0.0,
      Culture=neutral, PublicKeyToken=null
  OnInputPluginFailure:
    m_PersistentCalls:
      m_Calls: []
    m_TypeName: Wikitude.WikitudeCamera+OnInputPluginFailureEvent, WikitudeUnityPlugin,
      Version=7.1.0.0, Culture=neutral, PublicKeyToken=null
  OnCameraFailure:
    m_PersistentCalls:
      m_Calls: []
    m_TypeName: Wikitude.WikitudeCamera+OnCameraFailureEvent, WikitudeUnityPlugin,
      Version=7.1.0.0, Culture=neutral, PublicKeyToken=null
--- !u!124 &12449892
Behaviour:
  m_ObjectHideFlags: 1
  m_PrefabParentObject: {fileID: 0}
  m_PrefabInternal: {fileID: 100100000}
  m_GameObject: {fileID: 124326}
  m_Enabled: 1
--- !u!1001 &100100000
Prefab:
  m_ObjectHideFlags: 1
  serializedVersion: 2
  m_Modification:
    m_TransformParent: {fileID: 0}
    m_Modifications:
    - target: {fileID: 0}
      propertyPath: _WikitudeLicenseKey
      value: bZfSc6xY0mVw0jHavBNOU6OiElpOCDNsTPTEo4c7urNlJbGne2nfvjhjrQfL2RfNp/IvCDKepvzk8RkVXYSBP8AKQ7Cw/1IcXyud75/nEH153ab0Hg0aZY8b6YoEevN9HdhIfuy8EzEugaYU7hsSTeGcfUsbN3FnZiY9QrCVhAhTYWx0ZWRfXySfZLdEdyxwLakujcaJYqMJVi4M5F+6A64anMuw+sRWOsP5VxUy7iE3fVs/sK3ARIY3YjQwo17HPkDn3WW5gzK6LpUTz5jnpxa0FamZnyduyyCK6rfbCGFXOq8wnu6EpIhLRc7kUEUTVe3JWofut/i56LDcEQnvL8sTrCzYXJA95to7SeU9MOwDjjCAGzxICKdRRO0ZZz6/vcESMccltbfpryPeQe0ktdP67ahDWyO5Oal3LSWK9eun+ILFs2ImhexiR+a15Nb9biayg8Epc6pgnJMdg9IbYuPdgi4OzzptD7dxdMutVVcaBAHOWVcVuzK9wMMSArazKqraKpSN7CWYuC3l3LfuUcCA/87l8TGI29R/2EfRQ3MwxllGnDIJBojpfhS/NRu+gVsYJKgOeRRNJoyfB6iQYs21M9PnYhMqNl3wu1grpKjHQ5qj1w8An07lYRGMu/uVi61WsVMF351GOrGoiYnQE0mc3B8lDTy4b6E1+Y4oDBIzsQ1brN7bGYmiAvLtg6xjAHbve1geM0zIMVenMewMZ5IWPHzjmUjXui4uke2ebGRMhjRdIo/hPkhMp2DIdIWrOiIq/GKKxfPxtwOW/6vFcQ==
      objectReference: {fileID: 0}
    - target: {fileID: 0}
      propertyPath: m_LocalScale.x
      value: 1.57
      objectReference: {fileID: 0}
    - target: {fileID: 0}
      propertyPath: m_TagString
      value: MainCamera
      objectReference: {fileID: 0}
    m_RemovedComponents: []
  m_ParentPrefab: {fileID: 0}
  m_RootGameObject: {fileID: 124326}
  m_IsPrefabParent: 1
